@Book{ GUIDO,
	title = "An introduction to Python",
	author = "Guido Van Rossum",
	publisher = "Network Theory Limited",
	address = "United Kingdom",
	year = "2003"
}

@Misc{ BRANDOM,
	author = "Brandom, R",
	title = "buildout tutorial. buildout howto. buildout review.",
	year = "2008",
	howpublished = "Dispon{\'i}vel em http://renesd.blogspot.com.br/2008/05/buildout-tutorial-buildout-howto.html, acesso em 15/05/2012"
}

@Article{ TESLA,
	title = "Graphical treasures on the Internet",
	author = "Bridget Mintz Testa",
	journal = "Computer Graphics World",
	number = "34",
	month = "november",
	year = "1994"
}

@Article{ FFMPEG-SCALABLE,
	title = "Design and implementation of a scalable system architecture for embedded multimedia terminal",
	author = "B.a   Zeng S.a  Xu R.a  Guo D.b  Yan J.b  Wang W.b Zhang",
	journal = "International Conference on Electrical and Control Engineering",
	pages = "618--621",
	number = "6057581",
	year = "2011"
}

@Article{ Pirnau-Apetrei-Badea,
	title = "The SOAP protocol used for building and testing Web services",
	author = "M.a  Pirnau C.b  Apetrei M.c  Badea G.d Pirnau",
	journal = "Proceedings of the World Congress on Engineering",
	pages = "475-480",
	volume = "1",
	month = "july",
	year = "2011"
}

@Article{ SMETS-CARVALHO,
	title = "ERP5:
A Next-Generation, Open-Source ERP Architecture",
	author = "J.P. Smets-Solanes and R.A. de Carvalho",
	journal = "IT Professional",
	month = "august",
	year = "2003"
}

@Article{ SMETS-CERIN-COURTEAUD,
	title = "SlapOS: a Multi-purpose Distributed Cloud Operating System
Based on an ERP Billing Model",
	author = "J.P. Smets-Solanes and C. Cerin and R. Courteaud",
	year = "2011",
	journal = "IEEE"
}

@Book{ SOFTWARE-FREEDOM-CONSERVANCY,
	title = "Pro Git",
	author = "Scott Chacon",
	publisher = "Apress",
	address = "S{\~a}o Paulo",
	year = "2009"
}

@Misc{ FFMPEG,
	organization = "FFMPEG.Org",
	title = "Ffmpeg Documetation",
	year = "2012",
	howpublished = "Dispon{\'i}vel em http://ffmpeg.org/ffmpeg.html#Description, acesso em 15/05/2012"
}

@Misc{ WSGI,
	title = "An Introduction to the Python Web Server Gateway Interface (WSGI)",
	author = "Titus Brown",
	year = "2009",
	howpublished = "Dispon{\'i}vel em http://ivory.idyll.org/articles/wsgi-intro/what-is-wsgi.html, acesso em 15/05/2012"
}

@Misc{ XMLRPC,
	title = "What is XML-RPC?",
	organization = "Scripting News",
	year = "2011",
	howpublished = "Dispon{\'i}vel em http://xmlrpc.scripting.com/, acesso em 15/05/2012"
}

@Misc{ STEWARD,
	title = "PDFtk the pdf toolkit",
	author = "Sid Steward",
	year = "2011",
	howpublished = "Dispon{\'i}vel em http://www.pdflabs.com/tools/pdftk-the-pdf-toolkit/, acesso em 15/05/2012"
}

@Misc{ JOHNSON,
	title = "Poppler",
	organization = "FreeDesktop.Org",
	year = "2011",
	howpublished = "Dispon{\'i}vel em http://poppler.freedesktop.org/, acesso em 15/05/2012"
}

@Misc{ GLYPH-COG,
	title = "XPdf",
	organization = "Glyph & Cog",
	year = "2011",
	howpublished = "Dispon{\'i}vel em http://www.glyphandcog.com/Xpdf.html, acesso em 15/05/2012"
}

@Misc{ IMAGEMAGICK-STUDIO,
	title = "ImageMagick: Convert, Edit or Compose Bitmap Images",
	organization = "ImageMagick Studio",
	year = "2012",
	howpublished = "Dispon{\'i}vel em http://www.imagemagick.org/script/index.php, acesso em 15/05/2012"
}

@Misc{ MINETTO-PYUNO,
	title = "Python Uno"
	organization = "Python.Org",
	year = "2008",
	howpublished = "Dispon{\'i}vel em http://www.python.org.br/wiki/PythonUno, acesso em 15/05/2012"
}

@Misc{ PYUNO,
	title = "Python-Uno Bridge",
	author = "Ralph Thomas",
	year = "2007",
	howpublished = "Dispon{\'i}vel em http://www.openoffice.org/udk/python/python-bridge.html, acesso em 15/05/2012"
}

@Book{ LibreOffice,
	title = "Getting Started with OpenOffice.org",
	author = "Parker, H. and Faile Jr, R.",
	publisher = "LibreOffice",
	address = "S{\~a}o Paulo",
	year = "2010"
}

@article{ SILVA-MONNERAT-CARVALHO,
	title = "AUTONOMAÇÃO NA PRODUÇÃO DE SOFTWARE ",
	author = "Fernando Luiz de Carvalho e Silva and Gabriel Manhaes Monnerat and Rogério Atem de Carvalho",
	year = "2010",
	journal = "ENEGEP"
}

@article{ PITRE-DESAI,
  title = "Developing a Curriculum for on-line internacional business degree: 
an integrated approach using systems and ERP concepts",
  author = "Mayur S. Desai and Richard Pitre",
  year = "2010",
  journal = "Education"
}

@Book{ ASTELS,
	title = "Test-Driven Development: A Practical Guide",
	author = "David Astels",
	publisher = "Prentice Hall",
	year = "2003",
	address = "New Jersey"
}

@Book{ PRESSMAN,
	title = "Engenharia de Software",
	author = "Roger S. Pressman",
	publisher = "MAKRON Books",
	year = "1995",
	address = "S{\~a}o Paulo"
}
